<?xml version="1.0" encoding="UTF-8"?><record xmlns="http://www.loc.gov/MARC21/slim" xmlns:cinclude="http://apache.org/cocoon/include/1.0" xmlns:zs="http://www.loc.gov/zing/srw/">
  <leader>00694cz  a2200145n  4500</leader>
  <controlfield tag="001">n  78010705 </controlfield>
  <controlfield tag="003">DLC</controlfield>
  <controlfield tag="005">20120801075459.0</controlfield>
  <controlfield tag="008">780310n| abannaabn          |n ana      </controlfield>
  <datafield tag="010" ind1=" " ind2=" ">
    <subfield code="a">n  78010705 </subfield>
  </datafield>
  <datafield tag="035" ind1=" " ind2=" ">
    <subfield code="a">(OCoLC)oca00147203</subfield>
  </datafield>
  <datafield tag="040" ind1=" " ind2=" ">
    <subfield code="a">DLC</subfield>
    <subfield code="b">eng</subfield>
    <subfield code="c">DLC</subfield>
    <subfield code="d">OCoLC</subfield>
    <subfield code="d">DLC</subfield>
  </datafield>
  <datafield tag="110" ind1="1" ind2=" ">
    <subfield code="a">United States.</subfield>
    <subfield code="b">Energy Research and Development Administration.</subfield>
    <subfield code="b">Fossil Energy-Coal Conversion and Utilization Division</subfield>
  </datafield>
  <datafield tag="667" ind1=" " ind2=" ">
    <subfield code="a">THIS 1XX FIELD CANNOT BE USED UNDER RDA UNTIL THIS RECORD HAS BEEN REVIEWED AND/OR UPDATED</subfield>
  </datafield>
  <datafield tag="670" ind1=" " ind2=" ">
    <subfield code="a">Its Preparation of a coal conversion systems ... 1976:</subfield>
    <subfield code="b">t.p. (Fossil Energy-Coal Conversion and Utilization Division, United States Energy Research and Development Administration)</subfield>
  </datafield>
</record>